<?xml version="1.0" encoding="UTF-8"?><collection xmlns="http://www.loc.gov/MARC21/slim"><record><leader>00371nam--2200157-i-4500</leader><controlfield tag="001">000033050</controlfield><controlfield tag="002">20161230</controlfield><controlfield tag="005">20170125141119</controlfield><controlfield tag="008">060222s1000------------r-----000-0-eng-d</controlfield><datafield ind1=" " ind2=" " tag="080"><subfield code="a">54(021)</subfield></datafield><datafield ind1=" " ind2=" " tag="100"><subfield code="a">Mendeleev, D. I</subfield></datafield><datafield ind1=" " ind2=" " tag="245"><subfield code="a">Bazele chimiei</subfield></datafield><datafield ind1=" " ind2=" " tag="260"><subfield code="a">Bucuresti</subfield><subfield code="b">Acad.Rpr</subfield><subfield code="c">1957</subfield></datafield><datafield ind1=" " ind2=" " tag="300"><subfield code="a">617 p. Cu 1 Portr</subfield></datafield><datafield ind1=" " ind2=" " tag="852"><subfield code="a">4603</subfield></datafield><datafield ind1=" " ind2=" " tag="CAT"><subfield code="a">SYS</subfield><subfield code="c">20170125</subfield><subfield code="h">141119</subfield></datafield></record></collection>